<?xml version="1.0" encoding="UTF-8"?><collection xmlns="http://www.loc.gov/MARC21/slim"><record><leader>00360nam--2200121-i-4500</leader><controlfield tag="001">000003382</controlfield><controlfield tag="002">20161230</controlfield><controlfield tag="005">20161230201025</controlfield><controlfield tag="008">060222s1000------------r-----000-0-eng-d</controlfield><datafield ind1=" " ind2=" " tag="245"><subfield code="a">Louis de broglie und die philosophie</subfield></datafield><datafield ind1=" " ind2=" " tag="260"><subfield code="a">/Dresden, Wiss.Zeitschr.Der Technische Schule 1954</subfield></datafield><datafield ind1=" " ind2=" " tag="490"><subfield code="a">Wiss Zeitschr.Der Technischen Hochschule</subfield></datafield><datafield ind1=" " ind2=" " tag="700"><subfield code="a">Broglie, Louis De</subfield></datafield></record></collection>